<?xml version="1.0" encoding="UTF-8"?><collection xmlns="http://www.loc.gov/MARC21/slim"><record><leader>00587nam--2200181-u-4500</leader><controlfield tag="001">000051242</controlfield><controlfield tag="002">20161230</controlfield><controlfield tag="005">20161230201049</controlfield><controlfield tag="008">080605s1000------------r-----000-0-eng-d</controlfield><datafield ind1=" " ind2=" " tag="040"><subfield code="a">IFIN-HH</subfield></datafield><datafield ind1=" " ind2=" " tag="080"><subfield code="a">513.83</subfield></datafield><datafield ind1="1" ind2=" " tag="100"><subfield code="a">Bourbaki, N</subfield></datafield><datafield ind1="1" ind2="0" tag="245"><subfield code="a">Topologie Generale.Livre III. VIII.Elements des Mathematique. 1.Les Structures Fondamentales de L'Analyse. Chapitre 9. Utilisation des Nombres Reels en Topologie Generale</subfield></datafield><datafield ind1=" " ind2=" " tag="260"><subfield code="a">Paris</subfield><subfield code="c">1958</subfield></datafield><datafield ind1=" " ind2=" " tag="300"><subfield code="a">169 p</subfield></datafield><datafield ind1=" " ind2=" " tag="490"><subfield code="a">Actualites Scientifiques et Industrielles</subfield></datafield><datafield ind1=" " ind2=" " tag="852"><subfield code="a">14574</subfield><subfield code="c">513.83</subfield></datafield><datafield ind1=" " ind2=" " tag="CAT"><subfield code="a">Sys</subfield><subfield code="c">20080605</subfield><subfield code="h">134600</subfield></datafield></record></collection>